<?xml version="1.0" encoding="UTF-8"?><collection xmlns="http://www.loc.gov/MARC21/slim"><record><leader>00515nam--2200181-u-4500</leader><controlfield tag="001">000052231</controlfield><controlfield tag="002">20161230</controlfield><controlfield tag="005">20161230201050</controlfield><controlfield tag="008">100528s1000------------r-----000-0-rum-d</controlfield><datafield ind1=" " ind2=" " tag="040"><subfield code="a">IFIN-HH</subfield></datafield><datafield ind1=" " ind2=" " tag="041"><subfield code="a">rum</subfield></datafield><datafield ind1="1" ind2=" " tag="100"><subfield code="a">Titeica, Gabriela</subfield></datafield><datafield ind1="1" ind2="0" tag="245"><subfield code="a">Teoria giroscopului si aplicatiile sale tehnice</subfield><subfield code="c">Gabriela Titeica; Alexandru Stoenescu</subfield></datafield><datafield ind1=" " ind2=" " tag="260"><subfield code="a">Bucuresti,</subfield><subfield code="b">Tipografia Curtii Regale,</subfield><subfield code="c">1945</subfield></datafield><datafield ind1=" " ind2=" " tag="300"><subfield code="a">200 p</subfield></datafield><datafield ind1="1" ind2=" " tag="700"><subfield code="a">Stoenescu, Alexandru</subfield></datafield><datafield ind1=" " ind2=" " tag="852"><subfield code="a">5542</subfield><subfield code="c">/ 531</subfield></datafield><datafield ind1=" " ind2=" " tag="CAT"><subfield code="a">Sys</subfield><subfield code="c">20100622</subfield><subfield code="h">150802</subfield></datafield></record></collection>